@book{szabo2012,
  title={Modern quantum chemistry: introduction to advanced electronic structure theory},
  author={Szabo, Attila and Ostlund, Neil S},
  year={2012},
  publisher={Courier Corporation}
}

@inproceedings{montavon2012,
  title={Learning invariant representations of molecules for atomization energy prediction},
  author={Montavon, Gr{\'e}goire and Hansen, Katja and Fazli, Siamac and Rupp, Matthias and Biegler, Franziska and Ziehe, Andreas and Tkatchenko, Alexandre and Lilienfeld, Anatole V and M{\"u}ller, Klaus-Robert},
  booktitle={Advances in Neural Information Processing Systems},
  pages={440--448},
  year={2012}
}

@article{montavon2013,
  title={Machine learning of molecular electronic properties in chemical compound space},
  author={Montavon, Gr{\'e}goire and Rupp, Matthias and Gobre, Vivekanand and Vazquez-Mayagoitia, Alvaro and Hansen, Katja and Tkatchenko, Alexandre and M{\"u}ller, Klaus-Robert and Von Lilienfeld, O Anatole},
  journal={New Journal of Physics},
  volume={15},
  number={9},
  pages={095003},
  year={2013},
  publisher={IOP Publishing}
}

@article{rupp2012,
  title={Fast and accurate modeling of molecular atomization energies with machine learning},
  author={Rupp, Matthias and Tkatchenko, Alexandre and M{\"u}ller, Klaus-Robert and Von Lilienfeld, O Anatole},
  journal={Physical review letters},
  volume={108},
  number={5},
  pages={058301},
  year={2012},
  publisher={APS}
}

@article{mills2017,
  title={Deep learning and the Schr{\"o}dinger equation},
  author={Mills, Kyle and Spanner, Michael and Tamblyn, Isaac},
  journal={Physical Review A},
  volume={96},
  number={4},
  pages={042113},
  year={2017},
  publisher={APS}
}

@article{feller1996,
  title={The role of databases in support of computational chemistry calculations},
  author={Feller, David},
  journal={Journal of computational chemistry},
  volume={17},
  number={13},
  pages={1571--1586},
  year={1996},
  publisher={Wiley Online Library}
}

@article{schuchardt2007,
  title={Basis set exchange: a community database for computational sciences},
  author={Schuchardt, Karen L and Didier, Brett T and Elsethagen, Todd and Sun, Lisong and Gurumoorthi, Vidhya and Chase, Jared and Li, Jun and Windus, Theresa L},
  journal={Journal of chemical information and modeling},
  volume={47},
  number={3},
  pages={1045--1052},
  year={2007},
  publisher={ACS Publications}
}

@article{sherrill2001,
  title={A Brief Review of Elementary Quantum Chemistry},
  author={Sherrill, C David},
  journal={Georgia Institute of Technology, School of Chemistry and Biochemistry},
  year={2001},
  publisher={Citeseer}
}

@article{sherrill2000introduction,
  title={An introduction to Hartree-Fock molecular orbital theory},
  author={Sherrill, C David},
  journal={Georgia inst. of technology},
  year={2000}
}

@article{blum2009,
  title={970 million druglike small molecules for virtual screening in the chemical universe database GDB-13},
  author={Blum, Lorenz C and Reymond, Jean-Louis},
  journal={Journal of the American Chemical Society},
  volume={131},
  number={25},
  pages={8732--8733},
  year={2009},
  publisher={ACS Publications}
}

@article{bartlett1994applications,
  title={Applications of Post-Hartreeâ€”Fock Methods: A Tutorial},
  author={Bartlett, Rodney J and Stanton, John F},
  journal={Reviews in computational chemistry},
  pages={65--169},
  year={1994},
  publisher={Wiley Online Library}
}